@book{mccann1999,
  title={Dear God: The Price of Religion in Ireland},
  author={McCann, Eamonn},
  year={1999},
  publisher={Bookmarks}
}