@article{pallottino1984,
  title={Shortest-path methods: Complexity, interrelations and new propositions},
  author={Pallottino, Stefano},
  journal={Networks},
  volume={14},
  number={2},
  pages={257--267},
  year={1984},
  publisher={Wiley Online Library}
}